@article{beast,
        Author = {Bouckaert, Remco R. and Heled, Joseph and K{\"u}hnert, Denise 
and Vaughan, Tim and Wu, Chieh-Hsi and Xie, Dong and Suchard, Marc A and Rambaut
, Andrew and Drummond, Alexei J},
        Date-Added = {2014-05-21 03:24:22 +0000},
        Date-Modified = {2014-07-06 03:46:41 +0000},
        Doi = {10.1371/journal.pcbi.1003537},
        Journal = {PLoS Comput Biol},
        Journal-Full = {PLoS computational biology},
        Month = {Apr},
        Number = {4},
        Pages = {e1003537},
        Pmc = {PMC3985171},
        Pmid = {24722319},
        Pst = {epublish},
        Title = {{BEAST} 2: a software platform for Bayesian evolutionary analysis},
        Volume = {10},
        Year = {2014},
        Bdsk-Url-1 = {https://doi.org/10.1371/journal.pcbi.1003537}
}

@article{bModelTest,
  title={b{M}odel{T}est: {B}ayesian phylogenetic site model averaging and model comparison},
  author={Bouckaert, Remco and Drummond, Alexei},
  journal={bioRxiv},
  pages={020792},
  year={2015},
  publisher={Cold Spring Harbor Labs Journals}
}

@article{hayasaka1988molecular,
        Author = {Hayasaka, Kenji and Gojobori, Takashi and Horai, Satoshi},
        Journal = {Molecular Biology and Evolution},
        Number = {6},
        Pages = {626--644},
        Publisher = {SMBE},
        Title = {Molecular phylogeny and evolution of primate mitochondrial DNA.},
        Volume = {5},
        Year = {1988}}